% This file was created with JabRef 2.9.2.
% Encoding: UTF-8

@online{RAE,
	author = {{Real Academia Española}},
	title ={Definicion de casa},
           year = {2022},
	url       = "https://dle.rae.es/casa"
}

@online{Bueno,
	author = {{Rafael Bueno}},
	title ={Definicion de casa},
           year = {2011},
	url       = "https://www.idealista.com/news/finanzas/hipotecas/2011/08/01/340722-la-nueva-definicion-del-precio-de-la-vivienda"
}

@online{AD,
	author = {{AD}},
	title ={Superficie util y superficie construida, ¿QUE SON?},
            year = {2018},
	url       = "https://www.revistaad.es/arquitectura/articulos/superficie-util-superficie-construida-diferencias/20667"
}

@online{INEC,
	author = {{Instituto Nacional de Estadistica y Censo}},
	title ={Conceptos y definiciones},
            year = {2013},
	url       = "http://sistemas.inec.cr:8080/redinec/encuestas/enaho/ConceptosDefiniciones/Conceptos_definiciones_2013.pdf"
}

@online{Maria,
	author = {{Maria Echazarreta}},
	title ={Dimension: lo que debes saber antes de diseñar tu casa},
           year = {2018 }, 
	url       = "https://www.homify.com.mx/libros_de_ideas/4824253/dimension-lo-que-debes-saber-antes-de-disenar-tu-casa"
}

@online{Consultoria,
	author = {{ConsultoriayPeritaciones C\&P}},
	title ={¿Qué es la Valoración? inmuebles, viviendas, pisos, casas, coches, empresas},
           year = {2019},
	url       = "https://consultoriayperitaciones.com/valoracion/"
}

@online{Max,
	author = {{Karl Marx }},
	title ={Significado de Plusvalia},
           year = {1888},
	url       = "https://www.significados.com/plusvalia/"
}

@online{Roberto,
	author = {{Roberto Vazquez Burguillo }},
	title ={Depreciacion},
           year = {2022},
	url       = "https://economipedia.com/definiciones/depreciacion.html"
}

@online{hedonicos,
	author = {{Traders Studio}},
	title ={Precios hedonicos},
           year = {2021},
	url       = "https://traders.studio/precios-hedonicos/"
}

@article{revistahedonicos,
	author = {{Carl Mason \& Juan M Quigley}},
	title ={Non‐parametric hedonic housing prices},
	journal = {Housing Economics},
	volume = {11(3)},
	pages = {373-385},
	year = {2007},
	publisher = {Urban Studies Journals},
	url =  "https://doi.org/10.1080/02673039608720863"
}

@book{GAM,
	 author = {{M.Cabrero  \& A.Garcia }},
	 year = 2004, 
	title = {An\'alisis estad\'istico de datos espaciales con QGIS y R},
	 edition = 1, 
	publisher = {Universidad Nacional de Educaci\'on a Distancia UNED}, 
	adress = {España, Madrid} 
}




