% This file was created with JabRef 2.9.2.
% Encoding: UTF-8

@article{rojo,
	author = {{Torres-Rojo, Juan M.}},
	title ={Índice para la estimación de ocurrencia de incendios forestales en superficies extensas},
	journal = {Revista Chapingo serie ciencias forestales y del ambiente},
	volume = {26(3)},
	pages = {433-449},
	year = {2021},
	month = jun,
	url = {https://doi.org/10.5154/r.rchscfa.2019.11.082},
}

@article{shpilberg,
	author = {{David C. Shpilberg}},
	title ={The Probability Distribution of Fire Loss Amount},
	journal = {The Journal of Risk and Insurance},
	volume = {44(1)},
	pages = {103-115},
	year = {1977},
	month = Mar,
	publisher = {American Risk and Insurance Association},
	url = {https://doi.org/10.2307/251860},
}

@online{RAE1,
	author = {{Real Academia Española}},
	title ={Diccionario panhispanico},
	year = {2022},
	url = {https://www.rae.es/dpd/severa},
}

@online{RAE2,
	author = {{RAE}},
	title ={Diccionario panhispanico},
	year = {2022},
	url = {https://dle.rae.es/extraordinario},
}

@online{Allianz,
	author = {{Allianz}},
	title ={Siniestro},
	year = {sf},
	url = {https://www.allianz.es/descubre-allianz/mediadores/diccionario-de-seguros/s/que-es-un-siniestro.htmla},
}

@online{UNAM,
	author = {{Universidad Nacional Autonoma de Mexico}},
	title ={Incendio},
	year = {2022},
          publisher = {Centro Nacional de Comunicaciones, Secretaria de Gobernacion},
	url = {https://www.allianz.es/descubre-allianz/mediadores/diccionario-de-seguros/s/que-es-un-siniestro.htmla},
}